@book{cormen2022introduction,
  title={Introduction to algorithms},
  author={Cormen, Thomas H and Leiserson, Charles E and Rivest, Ronald L and Stein, Clifford},
  year={2022},
  publisher={MIT press}
}

% B-Tree
@inproceedings{bayer1970organization,
  title={Organization and maintenance of large ordered indices},
  author={Bayer, Rudolf and McCreight, Edward},
  booktitle={Proceedings of the 1970 ACM SIGFIDET (Now SIGMOD) Workshop on Data Description, Access and Control},
  pages={107--141},
  year={1970}
}
